<record><leader>00000cas a2200000 a 4500</leader><controlfield tag="001">13917437</controlfield><controlfield tag="008">860723d19261980kyuwr ne      0    0eng d</controlfield><datafield ind1=" " ind2=" " tag="010"><subfield code="a">sn 86069314 </subfield></datafield><datafield ind1=" " ind2=" " tag="040"><subfield code="a">KNP</subfield><subfield code="b">eng</subfield><subfield code="c">KNP</subfield><subfield code="d">OCL</subfield><subfield code="d">OCLCQ</subfield><subfield code="d">DLC</subfield><subfield code="d">KYUBL</subfield><subfield code="d">OCLCF</subfield><subfield code="d">OCLCO</subfield></datafield><datafield ind1="1" ind2=" " tag="029"><subfield code="a">AU@</subfield><subfield code="b">000022176487</subfield></datafield><datafield ind1=" " ind2=" " tag="042"><subfield code="a">msc</subfield></datafield><datafield ind1="0" ind2=" " tag="130"><subfield code="a">Ohio County news (Hartford, Ky.)</subfield></datafield><datafield ind1="0" ind2="4" tag="245"><subfield code="a">The Ohio County news.</subfield></datafield><datafield ind1=" " ind2=" " tag="260"><subfield code="a">Hartford, Ky. :</subfield><subfield code="b">Hartford Print. Co.,</subfield><subfield code="c">1926-1980.</subfield></datafield><datafield ind1=" " ind2=" " tag="300"><subfield code="a">v. :</subfield><subfield code="b">ill.</subfield></datafield><datafield ind1=" " ind2=" " tag="310"><subfield code="a">Weekly</subfield></datafield><datafield ind1="0" ind2=" " tag="362"><subfield code="a">Vol. 1, no. 1 (Feb. 19, 1926)- ; -Oct. 23, 1980.</subfield></datafield><datafield ind1=" " ind2=" " tag="515"><subfield code="a">Numbering dropped in 19??</subfield></datafield><datafield ind1=" " ind2="0" tag="651"><subfield code="a">Hartford (Ky.)</subfield><subfield code="v">Newspapers.</subfield></datafield><datafield ind1=" " ind2="0" tag="651"><subfield code="a">Ohio County (Ky.)</subfield><subfield code="v">Newspapers.</subfield></datafield><datafield ind1=" " ind2="7" tag="655"><subfield code="a">Newspapers.</subfield><subfield code="2">fast</subfield><subfield code="0">(OCoLC)fst01423814</subfield></datafield><datafield ind1=" " ind2="7" tag="651"><subfield code="a">Kentucky</subfield><subfield code="z">Hartford.</subfield><subfield code="2">fast</subfield><subfield code="0">(OCoLC)fst01227033</subfield></datafield><datafield ind1=" " ind2="7" tag="651"><subfield code="a">Kentucky</subfield><subfield code="z">Ohio County.</subfield><subfield code="2">fast</subfield><subfield code="0">(OCoLC)fst01211822</subfield></datafield><datafield ind1=" " ind2=" " tag="752"><subfield code="a">United States</subfield><subfield code="b">Kentucky</subfield><subfield code="c">Ohio</subfield><subfield code="d">Hartford.</subfield></datafield><datafield ind1="0" ind2="4" tag="780"><subfield code="t">Hartford herald (Hartford, Ky.)</subfield><subfield code="x">1943-8710</subfield><subfield code="w">(DLC)sn 84037890</subfield><subfield code="w">(OCoLC)11119946</subfield></datafield><datafield ind1="0" ind2="7" tag="785"><subfield code="t">Times-news (Hartford, Ky.)</subfield><subfield code="w">(DLC)sn 86069316</subfield><subfield code="w">(OCoLC)13917626</subfield></datafield></record>